<?xml version="1.0" encoding="UTF-8"?><collection xmlns="http://www.loc.gov/MARC21/slim"><record><leader>00581nam--2200181-i-4500</leader><controlfield tag="001">000034628</controlfield><controlfield tag="002">20161230</controlfield><controlfield tag="005">20161230201040</controlfield><controlfield tag="008">060222s1000------------r-----000-0-fre-d</controlfield><datafield ind1=" " ind2=" " tag="040"><subfield code="a">IFIN-HH</subfield></datafield><datafield ind1=" " ind2=" " tag="041"><subfield code="a">fre</subfield></datafield><datafield ind1=" " ind2=" " tag="080"><subfield code="a">015:539.2:546.45/.46</subfield></datafield><datafield ind1="1" ind2=" " tag="100"><subfield code="a">Nicoud, Jean-claude</subfield></datafield><datafield ind1="1" ind2="0" tag="245"><subfield code="a">Contribution a l`etude des defauts crees dans le beryllium et le magnesium par irradiation et ecrouissage a basse temperature</subfield><subfield code="b">These</subfield><subfield code="c">Jean-claude nicoud</subfield></datafield><datafield ind1=" " ind2=" " tag="260"><subfield code="a">Orsay</subfield><subfield code="b">Faculte Des Sciences</subfield><subfield code="c">1970</subfield></datafield><datafield ind1=" " ind2=" " tag="300"><subfield code="a">121P.+54 FIG</subfield></datafield><datafield ind1=" " ind2=" " tag="852"><subfield code="a">38048</subfield><subfield code="c">539.2</subfield></datafield><datafield ind1=" " ind2=" " tag="CAT"><subfield code="a">Sys</subfield><subfield code="c">20121022</subfield><subfield code="h">174740</subfield></datafield></record></collection>